@ARTICLE{zfits,
  author={Ahnen, Max Ludwig and Balbo, M. and Bergmann, M. and Biland, A. and Bretz, Thomas and Bu{\ss}, Jens and Dorner, Daniela and Einecke, Sabrina and Freiwald, Jan and Hempfling, Christina and others},
  title={Data compression for the first G-APD Cherenkov Telescope},
  journal={Astronomy and Computing},
  volume={12},
  pages={191--199},
  year={2015},
  publisher={Elsevier}
}

@INPROCEEDINGS{photonstream,
  title={Single Photon Extraction for FACTâ€™s SiPMs allows for Novel IACT Event Representation},
  author={Mueller, Sebastian Achim and others},
  year={2017},
  booktitle={Proceedings of the 35th ICRC},
}
